@ARTICLE{ITM07_BrunnSawo,
  author = {Dietrich Brunn and Felix Sawo and Uwe D. Hanebeck},
  title = {{M}odellbasierte {V}ermessung verteilter {P}hänomene und {G}enerierung optimaler {M}esssequenzen},
  journal = {tm - Technisches Messen, Oldenbourg Verlag},
  year = {2007},
  volume = {3},
  pages = {75--90},
  month = mar,
  publisher = {Universitätsverlag Karlsruhe}
}

@book{FoodQuality,
  title={Nondestructive testing of food quality},
  author={Irudayaraj, Joseph and Reh, Christoph},
  volume={18},
  year={2008},
  publisher={John Wiley \& Sons}
}

@Inbook{ExplainingAdaBoost_Schapire,
  author="Schapire, Robert E.",
  editor="Sch{\"o}lkopf, Bernhard and Luo, Zhiyuan and Vovk, Vladimir",
  title="Explaining AdaBoost",
  bookTitle="Empirical Inference: Festschrift in Honor of Vladimir N. Vapnik",
  year="2013",
  publisher="Springer Berlin Heidelberg",
  address="Berlin, Heidelberg",
  pages="37--52",
  isbn="978-3-642-41136-6",
  doi="10.1007/978-3-642-41136-6_5",
  url="http://dx.doi.org/10.1007/978-3-642-41136-6_5"
}

@Inbook{Boosting03_Schapire,
  author="Schapire, Robert E.",
  editor="Denison, David D. and Hansen, Mark H. and Holmes, Christopher C. and Mallick, Bani and Yu, Bin",
  title="The Boosting Approach to Machine Learning: An Overview",
  bookTitle="Nonlinear Estimation and Classification",
  year="2003",
  publisher="Springer New York",
  address="New York, NY",
  pages="149--171",
  isbn="978-0-387-21579-2",
  doi="10.1007/978-0-387-21579-2_9",
  url="http://dx.doi.org/10.1007/978-0-387-21579-2_9"
}

@Inbook{McDonald2003,
  author="McDonald, Ross A. and Hand, David J. and Eckley, Idris A.",
  editor="Windeatt, Terry and Roli, Fabio",
  title="An Empirical Comparison of Three Boosting Algorithms on Real Data Sets with Artificial Class Noise",
  bookTitle="Multiple Classifier Systems: 4th International Workshop, MCS 2003 Guildford, UK, June 11--13, 2003 Proceedings",
  year="2003",
  publisher="Springer Berlin Heidelberg",
  address="Berlin, Heidelberg",
  pages="35--44",
  isbn="978-3-540-44938-6",
  doi="10.1007/3-540-44938-8_4",
  url="http://dx.doi.org/10.1007/3-540-44938-8_4"
}

@ARTICLE{Friedman00specialinvited,
  author = {Jerome Friedman and Trevor Hastie and Robert Tibshirani},
  title = {Special invited paper. additive logistic regression: A statistical view of boosting},
  journal = {The Annals of Statistics},
  year = {2000},
  volume = {28},
  pages = {2000}
}

@article{Freund1997,
 author = {Freund, Yoav and Schapire, Robert E},
 title = {A Decision-Theoretic Generalization of On-Line Learning and an Application to Boosting},
 journal = {J. Comput. Syst. Sci.},
 issue_date = {Aug. 1997},
 volume = {55},
 number = {1},
 month = aug,
 year = {1997},
 issn = {0022-0000},
 pages = {119--139},
 numpages = {21},
 url = {http://dx.doi.org/10.1006/jcss.1997.1504},
 doi = {10.1006/jcss.1997.1504},
 acmid = {261549},
 publisher = {Academic Press, Inc.},
 address = {Orlando, FL, USA},
} 

@misc{TableSort,
  title = {{TableSort --- Schüttgutsortieranlage »to go«}},
  author={o.A.},
  howpublished = "\url{http://www.iosb.fraunhofer.de/servlet/is/68131/}",
  note = "[Online; accessed 18-Januar-2017]"
}


@Mastersthesis{MA,
  author = {Yassine Marrakchi},
  title = {{Multi-Target-Tracking for sorting bulk materials}},
  school = {Karlsruher Institut für Technologie},
  year = {2015},
}

@misc{FittingFunctions,
  title = {{Supervised Learning Workflow and Algorithms}},
  author={o.A.},
  howpublished = "\url{https://de.mathworks.com/help/stats/supervised-learning-machine-learning-workflow-and-algorithms.html#bswluh9}",
  note = "[Online; accessed 16-Januar-2017]"
}

@misc{MLToolbox,
  title = {{Statistics and Machine Learning Toolbox}},
  author={o.A.},
  howpublished = "\url{https://de.mathworks.com/help/stats/index.html}",
  note = "[Online; accessed 16-Januar-2017]"
}

@misc{SchuettgutDef,
  title = {{Schüttgut -- Wikipedia}},
  author={o.A.},
  howpublished = "\url{https://de.wikipedia.org/wiki/Schüttgut}",
  note = "[Online; accessed 19-Januar-2017]"
}

@misc{NNToolbox,
  title = {{Neural Network Toolbox}},
  author={o.A.},
  howpublished = "\url{https://de.mathworks.com/help/nnet/index.html}",
  note = "[Online; accessed 16-Januar-2017]"
}

@misc{NNDivideData,
  title = {{Divide Data for Optimal Neural Network Training}},
  author={o.A.},
  howpublished = "\url{https://de.mathworks.com/help/nnet/ug/divide-data-for-optimal-neural-network-training.html}",
  note = "[Online; accessed 16-Januar-2017]"
}

@book{NNDesign,
  title={Neural Network Design},
  author={Martin T. Hagan, Howard B. Demuth, Mark H. Beale, Orlando De Jesús},
  volume={2},
  year={2014},
  publisher={Martin Hagan}
  ISBN = {0971732116},
}

@INPROCEEDINGS{Kohavi95astudy,
    author = {Ron Kohavi},
    title = {A Study of Cross-Validation and Bootstrap for Accuracy Estimation and Model Selection},
    booktitle = {},
    year = {1995},
    pages = {1137--1143},
    publisher = {Morgan Kaufmann}
}

@article{Baldi2000,
author = {Baldi, Pierre and Brunak, Søren and Chauvin, Yves and Andersen, Claus A. F. and Nielsen, Henrik},
title = {Assessing the accuracy of prediction algorithms for
  classification: an overview },
journal = {Bioinformatics},
volume = {16},
number = {5},
pages = {412},
year = {2000},
doi = {10.1093/bioinformatics/16.5.412},
URL = { + http://dx.doi.org/10.1093/bioinformatics/16.5.412},
eprint = {/oup/backfile/Content_public/Journal/bioinformatics/16/5/10.1093/bioinformatics/16.5.412/2/160412.pdf}
}

@article{Powers2011,
    author = {Powers, D. M. W.},
    citeulike-article-id = {12882259},
    journal = {Journal of Machine Learning Technologies},
    keywords = {evaluation, metrics, nlp},
    number = {1},
    pages = {37--63},
    posted-at = {2013-12-26 21:07:18},
    priority = {2},
    title = {{Evaluation: From precision, recall and f-measure to roc., informedness, markedness \& correlation}},
    volume = {2},
    year = {2011}
}

@article{Matthews1975,
title = "Comparison of the predicted and observed secondary structure of \{T4\} phage lysozyme ",
journal = "Biochimica et Biophysica Acta (BBA) - Protein Structure ",
volume = "405",
number = "2",
pages = "442 - 451",
year = "1975",
note = "",
issn = "0005-2795",
doi = "http://dx.doi.org/10.1016/0005-2795(75)90109-9",
url = "http://www.sciencedirect.com/science/article/pii/0005279575901099",
author = "B.W. Matthews"
}

@article{DEM2016,
title = "Numerical modeling of an automated optical belt sorter using the Discrete Element Method",
journal = "Powder Technology",
volume = "301",
pages = "805 -- 814",
year = "2016",
note = "",
issn = "0032-5910",
doi = "http://dx.doi.org/10.1016/j.powtec.2016.07.018",
url = "http://www.sciencedirect.com/science/article/pii/S0032591016304119",
author = "C. Pieper, G. Maier, F. Pfaff, H. Kruggel-Emden, S. Wirtz, R. Gruna, B. Noack, V. Scherer, T. Längle, J. Beyerer, U.D. Hanebeck"
}
